
@article{reinhold2019,
    author = "Philip Reinhold",
    title = "PhD thesis: Controlling Error-Correctable Bosonic Qubits",
    year = "2019",
    keywords = "physics"
}

@article{Krastanov2015,
  title = {Universal control of an oscillator with dispersive coupling to a qubit},
  author = {Krastanov, Stefan and Albert, Victor V. and Shen, Chao and Zou, Chang-Ling and Heeres, Reinier W. and Vlastakis, Brian and Schoelkopf, Robert J. and Jiang, Liang},
  journal = {Phys. Rev. A},
  volume = {92},
  issue = {4},
  pages = {040303},
  numpages = {5},
  year = {2015},
  month = {Oct},
  publisher = {American Physical Society},
  doi = {10.1103/PhysRevA.92.040303},
  url = {https://link.aps.org/doi/10.1103/PhysRevA.92.040303}
}

@article{blais2004,
  title={Cavity quantum electrodynamics for superconducting electrical circuits: An architecture for quantum computation},
  author={Blais, Alexandre and Huang, Ren-Shou and Wallraff, Andreas and Girvin, S. M. and Schoelkopf, R. J.},
  journal={Physical Review A},
  volume={69},
  number={6},
  pages={062320},
  year={2004},
  publisher={APS}
}

@article{houck2008,
  title={Controlling the Spontaneous Emission of a Superconducting Transmon Qubit},
  author={Houck, A. A. and Schreier, J. A. and Johnson, B. R. and Chow, J. M. and Koch, Jens and Gambetta, J. M. and Schuster, D. I. and Frunzio, L. and Devoret, M. H. and Girvin, S. M. and Schoelkopf, R. J.},
  journal={Physical Review Letters},
  volume={101},
  number={8},
  pages={080502},
  year={2008},
  publisher={APS}
}

@article{girvin2014,
  title={Introduction to quantum error correction and fault-tolerant quantum computation},
  author={Girvin, S. M.},
  journal={Quantum Machines: Measurement and Control of Engineered Quantum Systems},
  year={2014},
  publisher={Oxford University Press}
}

@article{ofek2016,
  title={Extending the lifetime of a quantum bit with error correction in superconducting circuits},
  author={Ofek, N. and Petrenko, A. and Heeres, R. and Reinhold, P. and Leghtas, Z. and Vlastakis, B. and Liu, Y. and Frunzio, L. and Girvin, S. M. and Jiang, L. and Mirrahimi, M. and Devoret, M. H. and Schoelkopf, R. J}
}

  @article{glaser2015,
  title={Training Schr{\"o}dinger's cat: quantum optimal control},
  author={Glaser, Steffen J and Boscain, Ugo and Calarco, Tommaso and Koch, Christiane P and K{\"o}ckenberger, Walter and Kosloff, Ronnie and Kuprov, Ilya and Luy, Burkhard and Schirmer, Sonia and Schulte-Herbr{\"u}ggen, Thomas and others},
  journal={The European Physical Journal D},
  volume={69},
  number={12},
  pages={1--24},
  year={2015},
  publisher={Springer}
}

@article{brif2010,
  title={Control of quantum phenomena: past, present and future},
  author={Brif, Constantin and Chakrabarti, Raj and Rabitz, Herschel},
  journal={New Journal of Physics},
  volume={12},
  number={7},
  pages={075008},
  year={2010},
  publisher={IOP Publishing}
}

@book{shapiro2012,
  title={Quantum control of molecular processes},
  author={Shapiro, Moshe and Brumer, Paul},
  year={2012},
  publisher={John Wiley \& Sons}
}

@article{chow2010,
  title={Implementing quantum gates using the ferromagnetic spin chain as a quantum data bus},
  author={Chow, James and Gambetta, Jay and Koch, Jens and Bishop, Lev S and Houck, Andrew A and Johnson, Blake and Frunzio, Luigi and Girvin, SM and Schoelkopf, RJ},
  journal={Physical Review A},
  volume={82},
  number={4},
  pages={040305},
  year={2010},
  publisher={APS}
}

@book{wiseman2009,
  title={Quantum measurement and control},
  author={Wiseman, Howard M and Milburn, Gerard J},
  year={2009},
  publisher={Cambridge University Press}
}

@book{Nielsen2010,
  title={Quantum Computation and Quantum Information},
  author={Nielsen, Michael A. and Chuang, Isaac L.},
  year={2010},
  publisher={Cambridge University Press}
}

@article{Arute2019,
  title={Quantum supremacy using a programmable superconducting processor},
  author={Arute, Frank and Arya, Kunal and Babbush, Ryan and Bacon, Dave and Bardin, Joseph C. and Barends, Rami and Biswas, Rupak and Boixo, Sergio and Brandao, Fernando G. S. L. and Buell, David A. and others},
  journal={Nature},
  volume={574},
  number={7779},
  pages={505--510},
  year={2019},
  publisher={Nature Publishing Group}
}

@article{Monroe2014,
  title={Large scale modular quantum-computer architecture with atomic memory and photonic interconnects},
  author={Monroe, C. and Raussendorf, R. and Ruthven, A. and Brown, K. R. and Maunz, P. and Duan, L. M. and Kim, J.},
  journal={Physical Review A},
  volume={89},
  number={2},
  pages={022317},
  year={2014},
  publisher={APS}
}

@article{Kitaev2003,
  title={Fault-tolerant quantum computation by anyons},
  author={Kitaev, A. Yu},
  journal={Annals of Physics},
  volume={303},
  number={1},
  pages={2--30},
  year={2003},
  publisher={Elsevier}
}

@article{Loss1998,
  title={Quantum computation with quantum dots},
  author={Loss, Daniel and DiVincenzo, David P.},
  journal={Physical Review A},
  volume={57},
  number={1},
  pages={120--126},
  year={1998},
  publisher={APS}
}

@article{RevModPhys.77.513,
  title = {Quantum information with continuous variables},
  author = {Braunstein, Samuel L. and van Loock, Peter},
  journal = {Rev. Mod. Phys.},
  volume = {77},
  issue = {2},
  pages = {513--577},
  numpages = {0},
  year = {2005},
  month = {Jun},
  publisher = {American Physical Society},
  doi = {10.1103/RevModPhys.77.513},
  url = {https://link.aps.org/doi/10.1103/RevModPhys.77.513}
}

@article{Joshi_2021,
   title={Quantum information processing with bosonic qubits in circuit QED},
   volume={6},
   ISSN={2058-9565},
   url={http://dx.doi.org/10.1088/2058-9565/abe989},
   DOI={10.1088/2058-9565/abe989},
   number={3},
   journal={Quantum Science and Technology},
   publisher={IOP Publishing},
   author={Joshi, Atharv and Noh, Kyungjoo and Gao, Yvonne Y},
   year={2021},
   month=apr, pages={033001} 
   }

@article{D_Anjou_2019,
   title={Optimal dispersive readout of a spin qubit with a microwave resonator},
   volume={100},
   ISSN={2469-9969},
   url={http://dx.doi.org/10.1103/PhysRevB.100.245427},
   DOI={10.1103/physrevb.100.245427},
   number={24},
   journal={Physical Review B},
   publisher={American Physical Society (APS)},
   author={D’Anjou, B. and Burkard, Guido},
   year={2019},
   month=dec 
   }

@article{Mi2018,
  author = {Mi, X. and Benito, M. and Putz, S. and Zajac, D. M. and Taylor, J. M. and Burkard, G. and Petta, J. R.},
  title = {A Coherent Spin-Photon Interface in Silicon},
  journal = {Nature},
  volume = {555},
  pages = {599-603},
  year = {2018},
  doi = {10.1038/nature25769},
  url = {https://www.nature.com/articles/nature25769}
}

@article{Landig2018,
  author = {Landig, A. J. and Koski, J. V. and Scarlino, P. and Mendes, U. C. and Blais, A. and Reichl, C. and Wegscheider, W. and Wallraff, A. and Ihn, T. and Ensslin, K.},
  title = {Coherent spin–photon coupling using a resonant exchange qubit},
  journal = {Nature},
  volume = {560},
  pages = {179-184},
  year = {2018},
  doi = {10.1038/s41586-018-0365-y},
  url = {https://www.nature.com/articles/s41586-018-0365-y}
}

@book{d2021introduction,
  title={Introduction to Quantum Control and Dynamics},
  author={D’Alessandro, D.},
  isbn={9781000395051},
  series={Advances in Applied Mathematics},
  url={https://books.google.com.sg/books?id=LV84EAAAQBAJ},
  year={2021},
  publisher={CRC Press}
}

@article{KHANEJA2005296,
    title = {Optimal control of coupled spin dynamics: design of NMR pulse sequences by gradient ascent algorithms},
    journal = {Journal of Magnetic Resonance},
    volume = {172},
    number = {2},
    pages = {296-305},
    year = {2005},
    issn = {1090-7807},
    doi = {https://doi.org/10.1016/j.jmr.2004.11.004},
    url = {https://www.sciencedirect.com/science/article/pii/S1090780704003696},
    author = {Navin Khaneja and Timo Reiss and Cindie Kehlet and Thomas Schulte-Herbrüggen and Steffen J. Glaser},
    keywords = {Pulse design, Sequence optimization, Time-optimal coherence transfer, Relaxation-optimized experiments, Time-optimal realization of unitary operators, Quantum gates, GRAPE algorithm, Optimal control theory},
    abstract = {In this paper, we introduce optimal control algorithm for the design of pulse sequences in NMR spectroscopy. This methodology is used for designing pulse sequences that maximize the coherence transfer between coupled spins in a given specified time, minimize the relaxation effects in a given coherence transfer step or minimize the time required to produce a given unitary propagator, as desired. The application of these pulse engineering methods to design pulse sequences that are robust to experimentally important parameter variations, such as chemical shift dispersion or radiofrequency (rf) variations due to imperfections such as rf inhomogeneity is also explained.}
}

@article{PhysRevLett.113.010502,
  title = {Information Theoretical Analysis of Quantum Optimal Control},
  author = {Lloyd, S. and Montangero, S.},
  journal = {Phys. Rev. Lett.},
  volume = {113},
  issue = {1},
  pages = {010502},
  numpages = {5},
  year = {2014},
  month = {Jul},
  publisher = {American Physical Society},
  doi = {10.1103/PhysRevLett.113.010502},
  url = {https://link.aps.org/doi/10.1103/PhysRevLett.113.010502}
}

@article{PhysRevLett.106.190501,
  title = {Optimal Control Technique for Many-Body Quantum Dynamics},
  author = {Doria, Patrick and Calarco, Tommaso and Montangero, Simone},
  journal = {Phys. Rev. Lett.},
  volume = {106},
  issue = {19},
  pages = {190501},
  numpages = {4},
  year = {2011},
  month = {May},
  publisher = {American Physical Society},
  doi = {10.1103/PhysRevLett.106.190501},
  url = {https://link.aps.org/doi/10.1103/PhysRevLett.106.190501}
}

@article{PhysRevA.84.022326,
  title = {Chopped random-basis quantum optimization},
  author = {Caneva, Tommaso and Calarco, Tommaso and Montangero, Simone},
  journal = {Phys. Rev. A},
  volume = {84},
  issue = {2},
  pages = {022326},
  numpages = {9},
  year = {2011},
  month = {Aug},
  publisher = {American Physical Society},
  doi = {10.1103/PhysRevA.84.022326},
  url = {https://link.aps.org/doi/10.1103/PhysRevA.84.022326}
}

@article{PhysRevA.92.062343,
  title = {Dressing the chopped-random-basis optimization: A bandwidth-limited access to the trap-free landscape},
  author = {Rach, N. and M\"uller, M. M. and Calarco, T. and Montangero, S.},
  journal = {Phys. Rev. A},
  volume = {92},
  issue = {6},
  pages = {062343},
  numpages = {7},
  year = {2015},
  month = {Dec},
  publisher = {American Physical Society},
  doi = {10.1103/PhysRevA.92.062343},
  url = {https://link.aps.org/doi/10.1103/PhysRevA.92.062343}
}

@article{
    devoret2013superconducting,
    author = {M. H. Devoret  and R. J. Schoelkopf },
    title = {Superconducting Circuits for Quantum Information: An Outlook},
    journal = {Science},
    volume = {339},
    number = {6124},
    pages = {1169-1174},
    year = {2013},
    doi = {10.1126/science.1231930},
    URL = {https://www.science.org/doi/abs/10.1126/science.1231930},
    eprint = {https://www.science.org/doi/pdf/10.1126/science.1231930},
    abstract = {The performance of superconducting qubits has improved by several orders of magnitude in the past decade. These circuits benefit from the robustness of superconductivity and the Josephson effect, and at present they have not encountered any hard physical limits. However, building an error-corrected information processor with many such qubits will require solving specific architecture problems that constitute a new field of research. For the first time, physicists will have to master quantum error correction to design and operate complex active systems that are dissipative in nature, yet remain coherent indefinitely. We offer a view on some directions for the field and speculate on its future.}
}

@Article{blatt2012quantum,
    author={Blatt, R.
    and Roos, C. F.},
    title={Quantum simulations with trapped ions},
    journal={Nature Physics},
    year={2012},
    month={Apr},
    day={01},
    volume={8},
    number={4},
    pages={277-284},
    abstract={In the field of quantum simulation, methods and tools are explored for simulating the dynamics of a quantum system of interest with another system that is easier to control and measure. Systems of trapped atomic ions can be accurately controlled and manipulated, a large variety of interactions can be engineered with high precision and measurements of relevant observables can be obtained with nearly 100{\%} efficiency. Here, we discuss prospects for quantum simulations using systems of trapped ions, and review the available set of quantum operations and first proof-of-principle experiments for both analog and digital quantum simulations with trapped ions.},
    issn={1745-2481},
    doi={10.1038/nphys2252},
    url={https://doi.org/10.1038/nphys2252}
}

@article{loss1998quantum,
  title = {Quantum computation with quantum dots},
  author = {Loss, Daniel and DiVincenzo, David P.},
  journal = {Phys. Rev. A},
  volume = {57},
  issue = {1},
  pages = {120--126},
  numpages = {0},
  year = {1998},
  month = {Jan},
  publisher = {American Physical Society},
  doi = {10.1103/PhysRevA.57.120},
  url = {https://link.aps.org/doi/10.1103/PhysRevA.57.120}
}

@article{weedbrook2012gaussian,
  title = {Gaussian quantum information},
  author = {Weedbrook, Christian and Pirandola, Stefano and Garc\'{\i}a-Patr\'on, Ra\'ul and Cerf, Nicolas J. and Ralph, Timothy C. and Shapiro, Jeffrey H. and Lloyd, Seth},
  journal = {Rev. Mod. Phys.},
  volume = {84},
  issue = {2},
  pages = {621--669},
  numpages = {0},
  year = {2012},
  month = {May},
  publisher = {American Physical Society},
  doi = {10.1103/RevModPhys.84.621},
  url = {https://link.aps.org/doi/10.1103/RevModPhys.84.621}
}

@article{nielsen2002quantum,
  title = {Entanglement in a simple quantum phase transition},
  author = {Osborne, Tobias J. and Nielsen, Michael A.},
  journal = {Phys. Rev. A},
  volume = {66},
  issue = {3},
  pages = {032110},
  numpages = {14},
  year = {2002},
  month = {Sep},
  publisher = {American Physical Society},
  doi = {10.1103/PhysRevA.66.032110},
  url = {https://link.aps.org/doi/10.1103/PhysRevA.66.032110}
}

@article{
    kitaev2003fault, author = {Bullock, Stephen S. and O'leary, Dianne P.}, title = {Locality bounds on hamiltonians for stabilizer codes}, year = {2009}, issue_date = {May 2009}, publisher = {Rinton Press, Incorporated}, address = {Paramus, NJ}, volume = {9}, number = {5}, issn = {1533-7146}, abstract = {In this paper, we study the complexity of Hamiltonians whose groundstate is a stabilizer code. Weintroduce various notions of k-locality of a stabilizer code, inherited from the associated stabilizergroup. A choice of generators leads to a Hamiltonian with the code in its groundspace. We establishbounds on the locality of any other Hamiltonian whose groundspace contains such a code, whetheror not its Pauli tensor summands commute. Our results provide insight into the cost of creating anenergy gap for passive error correction and for adiabatic quantum computing. The results simplify inthe cases of XZ-split codes such as Calderbank-Shor-Steane stabilizer codes and topologically-orderedstabilizer codes arising from surface cellulations.}, journal = {Quantum Info. Comput.}, month = {may}, pages = {487–499}, numpages = {13}
}

@website{lzl_github_repo,
  title = {Lin Zhonglin FYP codes github},
  url = {https://github.com/colaboy519/FYP_Github_codes.git},
  year = {2024}
}

% Krotov
@article{GoerzSPP2019,
    author = {Michael H. Goerz and Daniel Basilewitsch and Fernando Gago-Encinas and Matthias G. Krauss and Karl P. Horn and Daniel M. Reich and Christiane P. Koch},
    title = {Krotov: A {Python} implementation of {Krotov's} method for quantum optimal control},
    journal={SciPost Phys.},
    volume={7},
    pages={80},
    year={2019},
    doi={10.21468/SciPostPhys.7.6.080},
}

Here are the sources I used in BibTeX format:

@book{Nielsen2010,
  title={Quantum Computation and Quantum Information},
  author={Nielsen, Michael A. and Chuang, Isaac L.},
  year={2010},
  publisher={Cambridge University Press},
  address={Cambridge}
}

@article{Preskill2018,
  title={Quantum Computing in the NISQ era and beyond},
  author={Preskill, John},
  journal={Quantum},
  volume={2},
  pages={79},
  year={2018},
  publisher={Verein zur F{\"o}rderung des Open Access Publizierens in den Quantenwissenschaften}
}

@article{Kjaergaard2020,
  title={Superconducting qubits: Current state of play},
  author={Kjaergaard, Morten and Schwartz, Mollie E. and Braum{\"u}ller, Jochen and Krantz, Philip and Wang, Joel I.-J. and Gustavsson, Simon and Oliver, William D.},
  journal={Annual Review of Condensed Matter Physics},
  volume={11},
  pages={369--395},
  year={2020},
  publisher={Annual Reviews}
}

@article{Bruzewicz2019,
  title={Trapped-ion quantum computing: Progress and challenges},
  author={Bruzewicz, Colin D. and Chiaverini, John and McConnell, Robert and Sage, Jeremy M.},
  journal={Applied Physics Reviews},
  volume={6},
  number={2},
  pages={021314},
  year={2019},
  publisher={AIP Publishing LLC}
}

@article{Chatterjee2021,
  title={Semiconductor qubits in practice},
  author={Chatterjee, Anasua and Stevenson, Paul and De Franceschi, Silvano and Morello, Andrea and de Leon, Nathalie P. and Kuemmeth, Ferdinand},
  journal={Nature Reviews Physics},
  volume={3},
  number={3},
  pages={157--177},
  year={2021},
  publisher={Nature Publishing Group}
}

@article{Braunstein2005,
  title={Quantum information with continuous variables},
  author={Braunstein, Samuel L. and Van Loock, Peter},
  journal={Reviews of Modern Physics},
  volume={77},
  number={2},
  pages={513},
  year={2005},
  publisher={APS}
}

@article{Ofek2016,
  title={Extending the lifetime of a quantum bit with error correction in superconducting circuits},
  author={Ofek, Nissim and Petrenko, Andrei and Heeres, Reinier and Reinhold, Philip and Leghtas, Zaki and Vlastakis, Brian and Liu, Yehan and Frunzio, Luigi and Girvin, S. M. and Jiang, L. and others},
  journal={Nature},
  volume={536},
  number={7617},
  pages={441--445},
  year={2016},
  publisher={Nature Publishing Group}
}

@article{Mi2018,
  title={A coherent spin--photon interface in silicon},
  author={Mi, Xiao and Benito, Matthias and Putz, Stefan and Zajac, D. M. and Taylor, J. M. and Burkard, Guido and Petta, J. R.},
  journal={Nature},
  volume={555},
  number={7698},
  pages={599--603},
  year={2018},
  publisher={Nature Publishing Group}
}

@article{Burkard2020,
  title={Superconductor--semiconductor hybrid-circuit quantum electrodynamics},
  author={Burkard, Guido and Gullans, M. J. and Mi, X. and Petta, J. R.},
  journal={Nature Reviews Physics},
  volume={2},
  number={3},
  pages={129--140},
  year={2020},
  publisher={Nature Publishing Group}
}

@article{Shen2017,
  title={Quantum state preparation and tomography},
  author={Shen, Yao and Hsieh, Shengyu and Zhang, Zongyuan and Wu, Chenxu and Zhang, Jingning and Qu, Qiaoyan},
  journal={Optics Communications},
  volume={395},
  pages={40--45},
  year={2017},
  publisher={Elsevier}
}

@article{Joshi_2021,
  title={Quantum information processing with bosonic qubits in circuit QED},
  author={Joshi, Chaitanya and Larson, Jonas and Spiller, Timothy P.},
  journal={Applied Physics Letters},
  volume={118},
  number={12},
  pages={120502},
  year={2021},
  publisher={AIP Publishing LLC}
}

@article{Khaneja2005,
  title={Optimal control of coupled spin dynamics: design of NMR pulse sequences by gradient ascent algorithms},
  author={Khaneja, Navin and Reiss, Timo and Kehlet, Cindie and Schulte-Herbr{\"u}ggen, Thomas and Glaser, Steffen J.},
  journal={Journal of magnetic resonance},
  volume={172},
  number={2},
  pages={296--305},
  year={2005},
  publisher={Elsevier}
}

@article{Glaser2015,
  title={Training Schr{\"o}dinger's cat: quantum optimal control},
  author={Glaser, Steffen J. and Boscain, Ugo and Calarco, Tommaso and Koch, Christiane P. and K{\"o}ckenberger, Walter and Kosloff, Ronnie and Kuprov, Ilya and Luy, Burkhard and Schirmer, Sophie and Schulte-Herbr{\"u}ggen, Thomas and others},
  journal={The European Physical Journal D},
  volume={69},
  number={12},
  pages={1--24},
  year={2015},
  publisher={Springer}
}

@article{Koch2016,
  title={Controlling the dynamics of many-body systems from a quantum-information perspective},
  author={Koch, Christiane P.},
  journal={Journal of Physics: Condensed Matter},
  volume={28},
  number={21},
  pages={213001},
  year={2016},
  publisher={IOP Publishing}
}

@article{KHANEJA2005296,
  title={Optimal control of coupled spin dynamics: design of NMR pulse sequences by gradient ascent algorithms},
  author={Khaneja, N. and Reiss, T. and Kehlet, C. and Schulte-Herbr{\"u}ggen, T. and Glaser, S. J.},
  journal={Journal of Magnetic Resonance},
  volume={172},
  number={2},
  pages={296-305},
  year={2005},
  issn={1090-7807},
  doi={https://doi.org/10.1016/j.jmr.2004.11.004},
  url={https://www.sciencedirect.com/science/article/pii/S1090780704003696}
}

@article{PhysRevLett.106.190501,
  title = {Chopped random-basis quantum optimization},
  author = {Doria, Paola and Calarco, Tommaso and Montangero, Simone},
  journal = {Phys. Rev. Lett.},
  volume = {106},
  issue = {19},
  pages = {190501},
  numpages = {4},
  year = {2011},
  month = {May},
  publisher = {American Physical Society},
  doi = {10.1103/PhysRevLett.106.190501},
  url = {https://link.aps.org/doi/10.1103/PhysRevLett.106.190501}
}

% qutip citation
@article{Johansson2013,
title = {QuTiP 2: A Python framework for the dynamics of open quantum systems},
author = {Johansson, J. R. and Nation, P. D. and Nori, F.},
journal = {Computer Physics Communications},
volume = {184},
number = {4},
pages = {1234-1240},
year = {2013},
issn = {0010-4655},
doi = {https://doi.org/10.1016/j.cpc.2012.11.019},
url = {https://www.sciencedirect.com/science/article/pii/S0010465512003955}
}