
@article{reinhold2019,
    author = "Philip Reinhold",
    title = "PhD thesis: Controlling Error-Correctable Bosonic Qubits",
    year = "2019",
    keywords = "physics", "phd thesis"
}

@article{Krastanov2015,
  title = {Universal control of an oscillator with dispersive coupling to a qubit},
  author = {Krastanov, Stefan and Albert, Victor V. and Shen, Chao and Zou, Chang-Ling and Heeres, Reinier W. and Vlastakis, Brian and Schoelkopf, Robert J. and Jiang, Liang},
  journal = {Phys. Rev. A},
  volume = {92},
  issue = {4},
  pages = {040303},
  numpages = {5},
  year = {2015},
  month = {Oct},
  publisher = {American Physical Society},
  doi = {10.1103/PhysRevA.92.040303},
  url = {https://link.aps.org/doi/10.1103/PhysRevA.92.040303}
}

@article{blais2004,
  title={Cavity quantum electrodynamics for superconducting electrical circuits: An architecture for quantum computation},
  author={Blais, Alexandre and Huang, Ren-Shou and Wallraff, Andreas and Girvin, S. M. and Schoelkopf, R. J.},
  journal={Physical Review A},
  volume={69},
  number={6},
  pages={062320},
  year={2004},
  publisher={APS}
}

@article{houck2008,
  title={Controlling the Spontaneous Emission of a Superconducting Transmon Qubit},
  author={Houck, A. A. and Schreier, J. A. and Johnson, B. R. and Chow, J. M. and Koch, Jens and Gambetta, J. M. and Schuster, D. I. and Frunzio, L. and Devoret, M. H. and Girvin, S. M. and Schoelkopf, R. J.},
  journal={Physical Review Letters},
  volume={101},
  number={8},
  pages={080502},
  year={2008},
  publisher={APS}
}

@article{girvin2014,
  title={Introduction to quantum error correction and fault-tolerant quantum computation},
  author={Girvin, S. M.},
  journal={Quantum Machines: Measurement and Control of Engineered Quantum Systems},
  year={2014},
  publisher={Oxford University Press}
}

@article{ofek2016,
  title={Extending the lifetime of a quantum bit with error correction in superconducting circuits},
  author={Ofek, N. and Petrenko, A. and Heeres, R. and Reinhold, P. and Leghtas, Z. and Vlastakis, B. and Liu, Y. and Frunzio, L. and Girvin, S. M. and Jiang, L. and Mirrahimi, M. and Devoret, M. H. and Schoelkopf, R. J

  @article{glaser2015,
  title={Training Schr{\"o}dinger's cat: quantum optimal control},
  author={Glaser, Steffen J and Boscain, Ugo and Calarco, Tommaso and Koch, Christiane P and K{\"o}ckenberger, Walter and Kosloff, Ronnie and Kuprov, Ilya and Luy, Burkhard and Schirmer, Sonia and Schulte-Herbr{\"u}ggen, Thomas and others},
  journal={The European Physical Journal D},
  volume={69},
  number={12},
  pages={1--24},
  year={2015},
  publisher={Springer}
}

@article{brif2010,
  title={Control of quantum phenomena: past, present and future},
  author={Brif, Constantin and Chakrabarti, Raj and Rabitz, Herschel},
  journal={New Journal of Physics},
  volume={12},
  number={7},
  pages={075008},
  year={2010},
  publisher={IOP Publishing}
}

@book{shapiro2012,
  title={Quantum control of molecular processes},
  author={Shapiro, Moshe and Brumer, Paul},
  year={2012},
  publisher={John Wiley \& Sons}
}

@article{chow2010,
  title={Implementing quantum gates using the ferromagnetic spin chain as a quantum data bus},
  author={Chow, James and Gambetta, Jay and Koch, Jens and Bishop, Lev S and Houck, Andrew A and Johnson, Blake and Frunzio, Luigi and Girvin, SM and Schoelkopf, RJ},
  journal={Physical Review A},
  volume={82},
  number={4},
  pages={040305},
  year={2010},
  publisher={APS}
}

@book{wiseman2009,
  title={Quantum measurement and control},
  author={Wiseman, Howard M and Milburn, Gerard J},
  year={2009},
  publisher={Cambridge University Press}
